<?xml version="1.0" encoding="UTF-8"?><marc:record xmlns:marc="http://www.loc.gov/MARC21/slim" xmlns:xsi="http://www.w3.org/2001/XMLSchema-instance" xsi:schemaLocation="http://www.loc.gov/MARC21/slim http://www.loc.gov/standards/marcxml/schema/MARC21slim.xsd"><marc:leader>00709nam a22002297  4500</marc:leader><marc:controlfield tag="001">1424059</marc:controlfield><marc:controlfield tag="003">NL-AMISG</marc:controlfield><marc:controlfield tag="005">20100113112323.0</marc:controlfield><marc:controlfield tag="008">201001s2009uuuuxxk|||||||||||||||||eng d</marc:controlfield><marc:datafield ind1=" " ind2=" " tag="020"><marc:subfield code="a">9781851969760</marc:subfield></marc:datafield><marc:datafield ind1=" " ind2=" " tag="035"><marc:subfield code="a">(IISG)IISGb11080759</marc:subfield></marc:datafield><marc:datafield ind1=" " ind2=" " tag="040"><marc:subfield code="a">NL-AmISG</marc:subfield></marc:datafield><marc:datafield ind1="1" ind2="0" tag="245"><marc:subfield code="c">ed. William E. van Vugt</marc:subfield></marc:datafield><marc:datafield ind1=" " ind2=" " tag="260"><marc:subfield code="a">London :</marc:subfield><marc:subfield code="b">Pickering and Chatto,</marc:subfield><marc:subfield code="c">2009</marc:subfield></marc:datafield><marc:datafield ind1=" " ind2=" " tag="300"><marc:subfield code="a">4 vols.</marc:subfield></marc:datafield><marc:datafield ind1=" " ind2=" " tag="500"><marc:subfield code="a">Index in volume 4.</marc:subfield></marc:datafield><marc:datafield ind1="0" ind2=" " tag="505"><marc:subfield code="a">Vol.1: Building a nation : 1776-1828</marc:subfield></marc:datafield><marc:datafield ind1="0" ind2=" " tag="505"><marc:subfield code="a">Vol.2: The age of Jackson : 1829-47</marc:subfield></marc:datafield><marc:datafield ind1="0" ind2=" " tag="505"><marc:subfield code="a">Vol.3: The developing nation : 1848-59</marc:subfield></marc:datafield><marc:datafield ind1="0" ind2=" " tag="505"><marc:subfield code="a">Vol.4: Civil war and industry : 1860-1914</marc:subfield></marc:datafield><marc:datafield ind1="1" ind2=" " tag="700"><marc:subfield code="a">Vugt, William E. van</marc:subfield><marc:subfield code="0">(NL-AMISG)561984</marc:subfield></marc:datafield><marc:datafield ind1="4" ind2=" " tag="852"><marc:subfield code="a">IISG</marc:subfield><marc:subfield code="b">IISG</marc:subfield><marc:subfield code="c">IISG</marc:subfield><marc:subfield code="j">2010/6</marc:subfield><marc:subfield code="n">Available</marc:subfield><marc:subfield code="p">Z212003</marc:subfield></marc:datafield><marc:datafield ind1="0" ind2="0" tag="853"><marc:subfield code="a">Vol.</marc:subfield><marc:subfield code="8">1</marc:subfield></marc:datafield><marc:datafield ind1="5" ind2="0" tag="863"><marc:subfield code="a">2</marc:subfield><marc:subfield code="p">N10784282</marc:subfield><marc:subfield code="w">g</marc:subfield><marc:subfield code="8">1.1</marc:subfield></marc:datafield><marc:datafield ind1="4" ind2=" " tag="852"><marc:subfield code="a">IISG</marc:subfield><marc:subfield code="b">IISG</marc:subfield><marc:subfield code="c">IISG</marc:subfield><marc:subfield code="j">2010/8</marc:subfield><marc:subfield code="n">Available</marc:subfield><marc:subfield code="p">Z212005</marc:subfield></marc:datafield><marc:datafield ind1="0" ind2="0" tag="853"><marc:subfield code="a">Vol.</marc:subfield><marc:subfield code="8">1</marc:subfield></marc:datafield><marc:datafield ind1="5" ind2="0" tag="863"><marc:subfield code="a">4</marc:subfield><marc:subfield code="p">N10784285</marc:subfield><marc:subfield code="8">1.1</marc:subfield></marc:datafield><marc:datafield ind1="4" ind2=" " tag="852"><marc:subfield code="a">IISG</marc:subfield><marc:subfield code="b">IISG</marc:subfield><marc:subfield code="c">IISG</marc:subfield><marc:subfield code="j">2010/5</marc:subfield><marc:subfield code="n">Available</marc:subfield><marc:subfield code="p">Z212002</marc:subfield></marc:datafield><marc:datafield ind1="0" ind2="0" tag="853"><marc:subfield code="a">Vol.</marc:subfield><marc:subfield code="8">1</marc:subfield></marc:datafield><marc:datafield ind1="5" ind2="0" tag="863"><marc:subfield code="a">1</marc:subfield><marc:subfield code="p">N10784267</marc:subfield><marc:subfield code="w">g</marc:subfield><marc:subfield code="8">1.1</marc:subfield></marc:datafield><marc:datafield ind1="4" ind2=" " tag="852"><marc:subfield code="a">IISG</marc:subfield><marc:subfield code="b">IISG</marc:subfield><marc:subfield code="c">IISG</marc:subfield><marc:subfield code="j">2010/7</marc:subfield><marc:subfield code="n">Available</marc:subfield><marc:subfield code="p">Z212004</marc:subfield></marc:datafield><marc:datafield ind1="0" ind2="0" tag="853"><marc:subfield code="a">Vol.</marc:subfield><marc:subfield code="8">1</marc:subfield></marc:datafield><marc:datafield ind1="5" ind2="0" tag="863"><marc:subfield code="a">3</marc:subfield><marc:subfield code="p">N10784283</marc:subfield><marc:subfield code="w">g</marc:subfield><marc:subfield code="8">1.1</marc:subfield></marc:datafield><marc:datafield ind1=" " ind2=" " tag="901"><marc:subfield code="a">1424059</marc:subfield><marc:subfield code="b">Unknown</marc:subfield><marc:subfield code="c">1424059</marc:subfield><marc:subfield code="t">biblio</marc:subfield></marc:datafield><marc:datafield ind1=" " ind2=" " tag="902"><marc:subfield code="a">10622/3198F03F-8238-44CB-B8DE-E90E2290F4EF</marc:subfield></marc:datafield></marc:record>